<?xml version="1.0" encoding="UTF-8"?><record xmlns="http://www.loc.gov/MARC21/slim" xmlns:cinclude="http://apache.org/cocoon/include/1.0" xmlns:zs="http://www.loc.gov/zing/srw/">
  <leader>00636cz  a2200169n  4500</leader>
  <controlfield tag="001">nb 97066927 </controlfield>
  <controlfield tag="003">DLC</controlfield>
  <controlfield tag="005">20110129075100.0</controlfield>
  <controlfield tag="008">970815n| acannaabn          |a aaa     c</controlfield>
  <datafield tag="010" ind1=" " ind2=" ">
    <subfield code="a">nb 97066927 </subfield>
  </datafield>
  <datafield tag="035" ind1=" " ind2=" ">
    <subfield code="a">(OCoLC)oca04684102</subfield>
  </datafield>
  <datafield tag="040" ind1=" " ind2=" ">
    <subfield code="a">Uk</subfield>
    <subfield code="b">eng</subfield>
    <subfield code="c">Uk</subfield>
    <subfield code="d">DLC</subfield>
    <subfield code="d">NAnB-G</subfield>
  </datafield>
  <datafield tag="100" ind1="1" ind2=" ">
    <subfield code="a">Kennedy, Christina</subfield>
  </datafield>
  <datafield tag="400" ind1="1" ind2=" ">
    <subfield code="a">Kennedy, Chris</subfield>
    <subfield code="q">(Christina)</subfield>
  </datafield>
  <datafield tag="670" ind1=" " ind2=" ">
    <subfield code="a">IeDuTC record: Ramus, 1997:</subfield>
    <subfield code="b">t.p. (Christina Kennedy)</subfield>
  </datafield>
  <datafield tag="670" ind1=" " ind2=" ">
    <subfield code="a">Post-war American art, 2010:</subfield>
    <subfield code="b">colophon (Christina Kennedy; Senior Curator, Head of Collections, Irish Museum of Modern Art)</subfield>
  </datafield>
  <datafield tag="670" ind1=" " ind2=" ">
    <subfield code="a">Google web browser search, Jan. 18, 2011</subfield>
    <subfield code="b">(Christina Kennedy; Chris Kennedy)</subfield>
  </datafield>
</record>